%% This BibTeX bibliography file was created using BibDesk.
%% http://bibdesk.sourceforge.net/

%% Saved with string encoding Unicode (UTF-8) 

@inproceedings{ros,
  title={ROS: an Open-Source Robot Operating System},
  author={Quigley, Morgan and Gerkey, Brian and Conley, Ken and Faust, Josh and Foote, Tully and Leibs, Jeremy and Berger, Eric and Wheeler, Rob and Ng, Andrew},
  booktitle={Proceedings of the Open-Source Software Workshop of the International Conference on Robotics and Automation},
  year={2009}
}

@inproceedings{Liang2007,
  title={An Auto-exposure algorithm for detecting high contrast
  lighting conditions},
  author={JiaYi Liang and YaJie Qin and ZhiLiang Hong},
  booktitle={2007 7th International Conference on ASIC},
  year={2007}
}

%
% NOT YET CITED
%

@INPROCEEDINGS{Duckworth2011,
author = {T. Duckworth and D. J. Roberts},
booktitle = {2011 IEEE/ACM 15th International Symposium on Distributed
Simulation and Real Time Applications(DS-RT)},
title = {Camera Image Synchronisation in Multiple Camera Real-Time 3D
Reconstruction of Moving Humans},
year = {2011},
volume = {00},
number = {},
pages = {138-144},
keywords={Cameras;Synchronization;Image reconstruction;Three
dimensional displays;Delay;Visualization;Shape},
doi = {10.1109/DS-RT.2011.15},
url = {doi.ieeecomputersociety.org/10.1109/DS-RT.2011.15},
ISSN = {1550-6525},
month={Sept.}
}

@MISC{TAN2014003,
author = {Point Grey Research},
title = {Synchronizing a Blackfly or Grasshopper3 GigE Camera's Time
to PC Time},
year = {2014}
}
